@article{fibword,
author = {Du, Chen Fei and Mousavi, Hamoon and Schaeffer, Luke and Shallit, Jeffrey},
year = {2016},
month = {12},
pages = {943-963},
title = {Decision Algorithms for Fibonacci-Automatic Words, III: Enumeration and Abelian Properties},
volume = {27},
journal = {International Journal of Foundations of Computer Science},
doi = {10.1142/S012905116500386}
}

@article{ht-ostrowski,
author = {Hieronymi, Philipp and Terry Jr, Alonza},
year = {2014},
month = {07},
pages = {},
title = {Ostrowski Numeration Systems, Addition, and Finite Automata},
volume = {59},
journal = {Notre Dame Journal of Formal Logic},
doi = {10.1215/00294527-2017-0027}
}

@article{walnut,
  author    = {Hamoon Mousavi},
  title     = {Automatic Theorem Proving in Walnut},
  journal   = {CoRR},
  volume    = {abs/1603.06017},
  year      = {2016},
  url       = {http://arxiv.org/abs/1603.06017},
  archivePrefix = {arXiv},
  eprint    = {1603.06017},
  timestamp = {Mon, 13 Aug 2018 16:47:23 +0200},
  biburl    = {https://dblp.org/rec/bib/journals/corr/Mousavi16},
  bibsource = {dblp computer science bibliography, https://dblp.org}
}

@article{Ostrowski1922,
author="Ostrowski, Alexander",
title="Bemerkungen zur Theorie der Diophantischen Approximationen",
journal="Abhandlungen aus dem Mathematischen Seminar der Universit{\"a}t Hamburg",
year="1922",
month="Dec",
day="01",
volume="1",
number="1",
pages="77--98",
issn="1865-8784",
doi="10.1007/BF02940581",
url="https://doi.org/10.1007/BF02940581"
}

@book{auto_seq, 
place={Cambridge}, 
title={Automatic Sequences: Theory, Applications, Generalizations}, 
DOI={10.1017/CBO9780511546563}, 
publisher={Cambridge University Press}, 
author="Allouche, Jean-Paul and Shallit, Jeffrey", 
year={2003}
}

@book{aut_theory,
 author = {Khoussainov, Bakhadyr and Nerode, Anil},
 title = {Automata Theory and Its Applications},
 year = {2001},
 isbn = {3764342072},
 publisher = {Birkhauser Boston, Inc.},
 address = {Secaucus, NJ, USA},
} 
