@article{bardi2006calculus,
  title={The Calculus Wars: Newton},
  author={Bardi, Jason Socrates},
  journal={Leibniz, and the Greatest Mathematical Clash of All Time (Thunder Mouth, New York, 2006)},
  year={2006}
} 

@article{fibword,
author = {Fei Du, Chen and Mousavi, Hamoon and Schaeffer, Luke and Shallit, Jeffrey},
year = {2016},
month = {12},
pages = {943-963},
title = {Decision Algorithms for Fibonacci-Automatic Words, III: Enumeration and Abelian Properties},
volume = {27},
journal = {International Journal of Foundations of Computer Science},
doi = {10.1142/S012905116500386}
}
