@article{fibword,
    author = {Du, Chen Fei and Mousavi, Hamoon and Schaeffer, Luke and Shallit, Jeffrey},
    year = {2016},
    month = {12},
    pages = {943-963},
    title = {Decision Algorithms for Fibonacci-Automatic Words, III: Enumeration and Abelian Properties},
    volume = {27},
    journal = {International Journal of Foundations of Computer Science},
    doi = {10.1142/S012905116500386}
}

@misc{hoa-format,
    author = {Duret-Lutz, Alexandre and Blahoudek, František and Křetínský, Jan and Jan Strejček, Jan and Klein, Joachim},
    title = {The Hanoi Omega-Automaton Format},
    howpublished = {\url{http://adl.github.io/hoaf/}},
    note = {Accessed: 2020-01-22}
}

@article{ht-ostrowski,
    author = {Hieronymi, Philipp and Terry Jr, Alonza},
    year = {2014},
    month = {07},
    pages = {},
    title = {Ostrowski Numeration Systems, Addition, and Finite Automata},
    volume = {59},
    journal = {Notre Dame Journal of Formal Logic},
    doi = {10.1215/00294527-2017-0027}
}

@article{walnut,
    author    = {Hamoon Mousavi},
    title     = {Automatic Theorem Proving in Walnut},
    journal   = {CoRR},
    volume    = {abs/1603.06017},
    year      = {2016},
    url       = {http://arxiv.org/abs/1603.06017},
    archivePrefix = {arXiv},
    eprint    = {1603.06017},
    timestamp = {Mon, 13 Aug 2018 16:47:23 +0200},
    biburl    = {https://dblp.org/rec/bib/journals/corr/Mousavi16},
    bibsource = {dblp computer science bibliography, https://dblp.org}
}

@article{Ostrowski1922,
    author="Ostrowski, Alexander",
    title="Bemerkungen zur Theorie der Diophantischen Approximationen",
    journal="Abhandlungen aus dem Mathematischen Seminar der Universit{\"a}t Hamburg",
    year="1922",
    month="12",
    day="01",
    volume="1",
    number="1",
    pages="77--98",
    issn="1865-8784",
    doi="10.1007/BF02940581",
    url="https://doi.org/10.1007/BF02940581"
}

@book{auto_seq, 
    place={Cambridge}, 
    title={Automatic Sequences: Theory, Applications, Generalizations}, 
    DOI={10.1017/CBO9780511546563}, 
    publisher={Cambridge University Press}, 
    author="Allouche, Jean-Paul and Shallit, Jeffrey", 
    year={2003}
}

@book{aut_theory,
    author = {Khoussainov, Bakhadyr and Nerode, Anil},
    title = {Automata Theory and Its Applications},
    year = {2001},
    isbn = {3764342072},
    publisher = {Birkhauser Boston, Inc.},
    address = {Secaucus, NJ, USA},
} 

@book{picciotto1994algebra,
    title={Algebra: Themes, Tools, Concepts -- Teachers' Edition},
    author={Picciotto, H. and Wah, A.},
    isbn={9781561072521},
    url={https://books.google.com/books?id=\_cOhDl3J3ZMC},
    year={1994},
    publisher={Creative Publications}
}

@inproceedings{duret.16.atva2,
  author = {Alexandre Duret-Lutz and Alexandre Lewkowicz and Amaury
		  Fauchille and Thibaud Michaud and Etienne Renault and
		  Laurent Xu},
  title = {Spot 2.0 --- a framework for {LTL} and $\omega$-automata
		  manipulation},
  booktitle = {Proceedings of the 14th International Symposium on
		  Automated Technology for Verification and Analysis
		  (ATVA'16)},
  series = {Lecture Notes in Computer Science},
  publisher = {Springer},
  volume = {9938},
  pages = {122--129},
  year = {2016},
  month = oct,
  pdf = {adl/duret.16.atva2.pdf},
  abstract = {We present Spot 2.0, a C++ library with Python bindings
		  and an assortment of command-line tools designed to
		  manipulate LTL and $\omega$-automata in batch. New
		  automata-manipulation tools were introduced in Spot 2.0;
		  they support arbitrary acceptance conditions, as
		  expressible in the Hanoi Omega Automaton format. Besides
		  being useful to researchers who have automata to process,
		  its Python bindings can also be used in interactive
		  environments to teach $\omega$-automata and model checking.},
  doi = {10.1007/978-3-319-46520-3_8}
}

@Book{zbMATH01737190,
    Author = {M. {Lothaire}},
    Title = {{Algebraic combinatorics on words.}},
    FJournal = {{Encyclopedia of Mathematics and Its Applications}},
    Journal = {{Encycl. Math. Appl.}},
    ISSN = {0953-4806},
    Volume = {90},
    ISBN = {0-521-81220-8/hbk},
    Pages = {xiii + 504},
    Year = {2002},
    Publisher = {Cambridge: Cambridge University Press},
    Language = {English},
    MSC2010 = {68R15 68-02 11B85},
    Zbl = {1001.68093}
}

@article{DAMANIK2003377,
    title = "Powers in Sturmian sequences",
    journal = "European Journal of Combinatorics",
    volume = "24",
    number = "4",
    pages = "377 - 390",
    year = "2003",
    issn = "0195-6698",
    doi = "https://doi.org/10.1016/S0195-6698(03)00026-X",
    url = "http://www.sciencedirect.com/science/article/pii/S019566980300026X",
    author = "David Damanik and Daniel Lenz",
    keywords = "Sturmian sequences, Powers, Combinatorics on words",
    abstract = "We consider Sturmian sequences and explicitly determine all the integer powers occurring in them. Our approach is purely combinatorial and is based on canonical decompositions of Sturmian sequences and properties of their building blocks."
}

@article{Dubickas2009,
	author = {{Dubickas, Arturas}},
	title = {Squares and cubes in Sturmian sequences},
	DOI= "10.1051/ita/2009005",
	url= "https://doi.org/10.1051/ita/2009005",
	journal = {RAIRO-Theor. Inf. Appl.},
	year = 2009,
	volume = 43,
	number = 3,
	pages = "615-624",
	month = "",
}

@misc{du2014decision,
    title={Decision Algorithms for Fibonacci-Automatic Words, with Applications to Pattern Avoidance},
    author={Chen Fei Du and Hamoon Mousavi and Luke Schaeffer and Jeffrey Shallit},
    year={2014},
    eprint={1406.0670},
    archivePrefix={arXiv},
    primaryClass={cs.FL}
}

@software{the_coq_development_team_2020_3744225,
  author       = {The Coq Development Team},
  title        = {The Coq Proof Assistant, version 8.11.0},
  month        = jan,
  year         = 2020,
  publisher    = {Zenodo},
  version      = {8.11.0},
  doi          = {10.5281/zenodo.3744225},
  url          = {https://doi.org/10.5281/zenodo.3744225}
}

@article{PELTOMAKI2015886,
    title = "Characterization of repetitions in Sturmian words: A new proof",
    journal = "Information Processing Letters",
    volume = "115",
    number = "11",
    pages = "886 - 891",
    year = "2015",
    issn = "0020-0190",
    doi = "https://doi.org/10.1016/j.ipl.2015.05.011",
    url = "http://www.sciencedirect.com/science/article/pii/S0020019015000885",
    author = "Jarkko Peltom\"aki",
    keywords = "Formal languages, Sturmian word, Standard word, Power, Continued fraction",
    abstract = "We present a new, dynamical way to study powers (that is, repetitions) in Sturmian words based on results from Diophantine approximation theory. As a result, we provide an alternative and shorter proof of a result by Damanik and Lenz characterizing powers in Sturmian words [6]. Further, as a consequence, we obtain a previously known formula for the fractional index of a Sturmian word based on the continued fraction expansion of its slope."
}

@article{Currie2009LeastPO,
  title={Least Periods of Factors of Infinite Words},
  author={James D. Currie and Kalle Saari},
  journal={ITA},
  year={2009},
  volume={43},
  pages={165-178}
}

@book {MR1997038,
    AUTHOR = {Allouche, Jean-Paul and Shallit, Jeffrey},
     TITLE = {Automatic sequences},
      NOTE = {Theory, applications, generalizations},
 PUBLISHER = {Cambridge University Press, Cambridge},
      YEAR = {2003},
     PAGES = {xvi+571},
      ISBN = {0-521-82332-3},
   MRCLASS = {11B85 (11Z05 37A45 37B10 68Q45 68R15 94A45)},
  MRNUMBER = {1997038},
MRREVIEWER = {Val\'{e}rie Berth\'{e}},
       DOI = {10.1017/CBO9780511546563},
       URL = {https://doi-org.proxy2.library.illinois.edu/10.1017/CBO9780511546563},
}
	

@incollection {Shallit-survey,
    AUTHOR = {Shallit, Jeffrey},
     TITLE = {Decidability and enumeration for automatic sequences: a
              survey},
 BOOKTITLE = {Computer science---theory and applications},
    SERIES = {Lecture Notes in Comput. Sci.},
    VOLUME = {7913},
     PAGES = {49--63},
 PUBLISHER = {Springer, Heidelberg},
      YEAR = {2013},
   MRCLASS = {11B85 (68R15)},
  MRNUMBER = {3101964},
MRREVIEWER = {\'{E}milie Charlier},
       DOI = {10.1007/978-3-642-38536-0_5},
       URL = {https://doi-org.proxy2.library.illinois.edu/10.1007/978-3-642-38536-0_5},
}

@article {MR2983367,
    AUTHOR = {Charlier, \'{E}milie and Rampersad, Narad and Shallit, Jeffrey},
     TITLE = {Enumeration and decidable properties of automatic sequences},
   JOURNAL = {Internat. J. Found. Comput. Sci.},
  FJOURNAL = {International Journal of Foundations of Computer Science},
    VOLUME = {23},
      YEAR = {2012},
    NUMBER = {5},
     PAGES = {1035--1066},
      ISSN = {0129-0541},
   MRCLASS = {11B85 (03B25 68Q45)},
  MRNUMBER = {2983367},
MRREVIEWER = {Jia-Yan Yao},
       DOI = {10.1142/S0129054112400448},
       URL = {https://doi-org.proxy2.library.illinois.edu/10.1142/S0129054112400448},
}


@inproceedings {Buechi,
    AUTHOR = {B\"{u}chi, J. Richard},
     TITLE = {On a decision method in restricted second order arithmetic},
 BOOKTITLE = {Logic, {M}ethodology and {P}hilosophy of {S}cience ({P}roc.
              1960 {I}nternat. {C}ongr .)},
     PAGES = {1--11},
 PUBLISHER = {Stanford Univ. Press, Stanford, Calif.},
      YEAR = {1962},
   MRCLASS = {02.54},
  MRNUMBER = {0183636},
MRREVIEWER = {R. M. Baer},
}